<record><leader>00000cas a22000007a 4500</leader><controlfield tag="001">37810169</controlfield><controlfield tag="008">971020d189u1936ncuir ne      0    0eng d</controlfield><datafield ind1=" " ind2=" " tag="010"><subfield code="a">sn 97064509 </subfield></datafield><datafield ind1=" " ind2=" " tag="040"><subfield code="a">NVJ</subfield><subfield code="b">eng</subfield><subfield code="c">NVJ</subfield><subfield code="d">OCLCQ</subfield></datafield><datafield ind1=" " ind2=" " tag="042"><subfield code="a">msc</subfield></datafield><datafield ind1="0" ind2=" " tag="130"><subfield code="a">Cleveland star (Shelby, N.C.)</subfield></datafield><datafield ind1="1" ind2="4" tag="245"><subfield code="a">The Cleveland star.</subfield></datafield><datafield ind1=" " ind2=" " tag="260"><subfield code="a">Shelby, N.C. :</subfield><subfield code="b">Clyde R. Hoey</subfield></datafield><datafield ind1=" " ind2=" " tag="300"><subfield code="a">v.</subfield></datafield><datafield ind1=" " ind2=" " tag="310"><subfield code="a">Triweekly,</subfield><subfield code="b">Oct. 19, 1925-Oct. 23, 1936</subfield></datafield><datafield ind1=" " ind2=" " tag="321"><subfield code="a">Weekly,</subfield><subfield code="b">&lt;Jan. 15, 1902)-&lt;Dec. 20, 1905&gt;</subfield></datafield><datafield ind1=" " ind2=" " tag="321"><subfield code="a">Semiweekly,</subfield><subfield code="b">&lt;Feb. 10, 1906&gt;-Oct. 16, 1925</subfield></datafield><datafield ind1="0" ind2=" " tag="362"><subfield code="a">-v. 42, no. 129 (Oct. 23, 1936).</subfield></datafield><datafield ind1=" " ind2=" " tag="588"><subfield code="a">Description based on: Vol. 11, no. 5 (Jan. 15, 1902).</subfield></datafield><datafield ind1=" " ind2=" " tag="752"><subfield code="a">United States</subfield><subfield code="b">North Carolina</subfield><subfield code="c">Cleveland</subfield><subfield code="d">Shelby.</subfield></datafield><datafield ind1="0" ind2="0" tag="780"><subfield code="t">Shelby review</subfield><subfield code="w">(DLC)sn 92074080</subfield></datafield><datafield ind1="0" ind2="0" tag="785"><subfield code="t">Shelby daily star</subfield><subfield code="w">(DLC)sn 85042185</subfield></datafield></record>